<record><leader>00000cas a22000007a 4500</leader><controlfield tag="001">23092073</controlfield><controlfield tag="008">910212d18921892mnuwr ne      0    0eng d</controlfield><controlfield tag="009">10516</controlfield><datafield ind1=" " ind2=" " tag="010"><subfield code="a">sn 90057619 </subfield></datafield><datafield ind1=" " ind2=" " tag="040"><subfield code="a">MN#</subfield><subfield code="b">eng</subfield><subfield code="c">MN#</subfield><subfield code="d">OCLCQ</subfield></datafield><datafield ind1="1" ind2=" " tag="029"><subfield code="a">AU@</subfield><subfield code="b">000025874499</subfield></datafield><datafield ind1=" " ind2=" " tag="042"><subfield code="a">msc</subfield></datafield><datafield ind1=" " ind2=" " tag="043"><subfield code="a">n-us-mn</subfield></datafield><datafield ind1=" " ind2=" " tag="052"><subfield code="a">4144</subfield><subfield code="b">E6</subfield></datafield><datafield ind1=" " ind2=" " tag="052"><subfield code="a">4143</subfield><subfield code="b">F3</subfield></datafield><datafield ind1="0" ind2="4" tag="245"><subfield code="a">The Elmore weekly eye.</subfield></datafield><datafield ind1="1" ind2="3" tag="246"><subfield code="a">Elmore eye</subfield></datafield><datafield ind1=" " ind2=" " tag="260"><subfield code="a">Elmore, Faribault Co., Minn. :</subfield><subfield code="b">W.J. Harding,</subfield><subfield code="c">1892.</subfield></datafield><datafield ind1=" " ind2=" " tag="300"><subfield code="a">1 v.</subfield></datafield><datafield ind1=" " ind2=" " tag="310"><subfield code="a">Weekly</subfield></datafield><datafield ind1="0" ind2=" " tag="362"><subfield code="a">Vol. 1, no. 1 (Jan. 15, 1892)-v. 1, no. 38 (Sept. 21, 1892).</subfield></datafield><datafield ind1=" " ind2=" " tag="530"><subfield code="a">Available on microfilm from the Minnesota Historical Society.</subfield></datafield><datafield ind1=" " ind2="0" tag="651"><subfield code="a">Elmore (Minn.)</subfield><subfield code="v">Newspapers.</subfield></datafield><datafield ind1=" " ind2=" " tag="752"><subfield code="a">United States</subfield><subfield code="b">Minnesota</subfield><subfield code="c">Faribault</subfield><subfield code="d">Elmore.</subfield></datafield><datafield ind1="0" ind2="0" tag="785"><subfield code="t">Eye (Elmore, Minn.)</subfield><subfield code="w">(DLC)sn 90057620</subfield></datafield></record>